<?xml version="1.0" encoding="UTF-8"?><collection xmlns="http://www.loc.gov/MARC21/slim"><record><leader>00373nam--2200133-i-4500</leader><controlfield tag="001">000000035</controlfield><controlfield tag="002">20161230</controlfield><controlfield tag="005">20161230201023</controlfield><controlfield tag="008">060222s1000------------r-----000-0-eng-d</controlfield><datafield ind1=" " ind2=" " tag="080"><subfield code="a">7(043)</subfield></datafield><datafield ind1=" " ind2=" " tag="100"><subfield code="a">Flogel, Evelyn</subfield></datafield><datafield ind1=" " ind2=" " tag="245"><subfield code="a">Die loretokapellen in baden-wurttemberg,bayern und der republik osterreich.dissertation</subfield></datafield><datafield ind1=" " ind2=" " tag="260"><subfield code="a">Munchen, Universitat. 180 P</subfield></datafield><datafield ind1=" " ind2=" " tag="852"><subfield code="a">73040</subfield></datafield></record></collection>